<record><leader>00000cas a2200000 a 4500</leader><controlfield tag="001">12671440</controlfield><controlfield tag="008">851014d1948195uksuwr ne      0    0eng d</controlfield><datafield ind1=" " ind2=" " tag="010"><subfield code="a">sn 85032504 </subfield></datafield><datafield ind1=" " ind2=" " tag="040"><subfield code="a">KSH</subfield><subfield code="b">eng</subfield><subfield code="c">KSH</subfield><subfield code="d">NPT</subfield><subfield code="d">OCL</subfield><subfield code="d">OCLCQ</subfield></datafield><datafield ind1=" " ind2=" " tag="042"><subfield code="a">msc</subfield></datafield><datafield ind1="0" ind2="4" tag="245"><subfield code="a">The Wichita weekly standard and the south side independent.</subfield></datafield><datafield ind1="1" ind2="3" tag="246"><subfield code="a">South side independent</subfield><subfield code="f">July 4-&lt;Oct. 10, 1952&gt;</subfield></datafield><datafield ind1=" " ind2=" " tag="260"><subfield code="a">Wichita, Kan. :</subfield><subfield code="b">Eva H. Conger,</subfield><subfield code="c">1948-</subfield></datafield><datafield ind1=" " ind2=" " tag="300"><subfield code="a">v. :</subfield><subfield code="b">ill. ;</subfield><subfield code="c">30 cm.</subfield></datafield><datafield ind1=" " ind2=" " tag="310"><subfield code="a">Weekly</subfield></datafield><datafield ind1="0" ind2=" " tag="362"><subfield code="a">Vol. 24, no. 3 (Sept. 17, 1948)-</subfield></datafield><datafield ind1=" " ind2=" " tag="500"><subfield code="a">Published by: H.A. Mitchell, Dec. 24, 1948-&lt;Oct. 10, 1952&gt;.</subfield></datafield><datafield ind1=" " ind2=" " tag="752"><subfield code="a">United States</subfield><subfield code="b">Kansas</subfield><subfield code="c">Sedgwick</subfield><subfield code="d">Wichita.</subfield></datafield><datafield ind1="0" ind2="0" tag="780"><subfield code="t">South side independent</subfield><subfield code="w">(DLC)sn 85003253</subfield></datafield><datafield ind1="1" ind2=" " tag="029"><subfield code="a">AU@</subfield><subfield code="b">000022165933</subfield></datafield></record>